@article{albert2014estimating,
	title={Estimating overall exposure effects for zero-inflated regression models with application to dental caries},
	author={Albert, Jeffrey M and Wang, Wei and Nelson, Suchitra},
	journal={Statistical methods in medical research},
	volume={23},
	number={3},
	pages={257--278},
	year={2014},
	publisher={SAGE Publications Sage UK: London, England}
}

@article{barata2017effectiveness,
	title={Effectiveness of SBIRT for alcohol use disorders in the emergency department: a systematic review},
	author={Barata, Isabel A and Shandro, Jamie R and Montgomery, Margaret and Polansky, Robin and Sachs, Carolyn J and Duber, Herbert C and Weaver, Lindsay M and Heins, Alan and Owen, Heather S and Josephson, Elaine B and others},
	journal={Western journal of emergency medicine},
	volume={18},
	number={6},
	pages={1143},
	year={2017},
	publisher={California Chapter of the American Academy of Emergency Medicine (Cal/AAEM)}
}

@article{barr2013random,
	title={Random effects structure for confirmatory hypothesis testing: Keep it maximal},
	author={Barr, Dale J and Levy, Roger and Scheepers, Christoph and Tily, Harry J},
	journal={Journal of memory and language},
	volume={68},
	number={3},
	pages={255--278},
	year={2013},
	publisher={Elsevier}
}

 @Article{brooks2017glmmtmb,
	author = {Mollie E. Brooks and Kasper Kristensen and Koen J. {van
	Benthem} and Arni Magnusson and Casper W. Berg and Anders Nielsen
	and Hans J. Skaug and Martin Maechler and Benjamin M. Bolker},
	title = {{glmmTMB} Balances Speed and Flexibility Among Packages
	for Zero-inflated Generalized Linear Mixed Modeling},
	year = {2017},
	journal = {The R Journal},
	doi = {10.32614/RJ-2017-066},
	pages = {378--400},
	volume = {9},
	number = {2},
}

@article{buu2012statistical,
	title={Statistical models for longitudinal zero-inflated count data with applications to the substance abuse field},
	author={Buu, Anne and Li, Runze and Tan, Xianming and Zucker, Robert A},
	journal={Statistics in medicine},
	volume={31},
	number={29},
	pages={4074--4086},
	year={2012},
	publisher={Wiley Online Library}
}


@article{cohen1966note,
	title={A note on certain discrete mixed distributions},
	author={Cohen Jr, A Clifford},
	journal={Biometrics},
	pages={566--572},
	year={1966},
	publisher={JSTOR}
}

@article{cooper2007predicting,
	title={Predicting costs over time using Bayesian Markov chain Monte Carlo methods: an application to early inflammatory polyarthritis},
	author={Cooper, Nicola J and Lambert, Paul C and Abrams, Keith R and Sutton, Alexander J},
	journal={Health economics},
	volume={16},
	number={1},
	pages={37--56},
	year={2007},
	publisher={Wiley Online Library}
}

@article{diop2016simulation,
	title={Simulation-based inference in a zero-inflated Bernoulli regression model},
	author={Diop, Aba and Diop, Aliou and Dupuy, Jean-Fran{\c{c}}ois},
	journal={Communications in Statistics-Simulation and Computation},
	volume={45},
	number={10},
	pages={3597--3614},
	year={2016},
	publisher={Taylor \& Francis}
}


@article{gabry2021cmdstanr,
	title={cmdstanr: R Interface to’CmdStan’},
	author={Gabry, Jonah and {\v{C}}e{\v{s}}novar, Rok},
	journal={URL: https://mc-stan. org/cmdstanr, https://discourse. mc-stan. org},
	year={2021}
}

@article{gardner1995regression,
	title={Regression analyses of counts and rates: Poisson, overdispersed Poisson, and negative binomial models.},
	author={Gardner, William and Mulvey, Edward P and Shaw, Esther C},
	journal={Psychological bulletin},
	volume={118},
	number={3},
	pages={392},
	year={1995},
	publisher={American Psychological Association}
}

@article{gelman1992inference,
	title={Inference from iterative simulation using multiple sequences},
	author={Gelman, Andrew and Rubin, Donald B},
	journal={Statistical science},
	volume={7},
	number={4},
	pages={457--472},
	year={1992},
	publisher={Institute of Mathematical Statistics}
}



@book{gelman2013bayesian,
	title={Bayesian data analysis},
	author={Gelman, Andrew and Carlin, John B and Stern, Hal S and Dunson, David B and Vehtari, Aki and Rubin, Donald B},
	year={2013},
	publisher={CRC press}
}


@article{gelman2015stan,
	title={Stan: A probabilistic programming language for Bayesian inference and optimization},
	author={Gelman, Andrew and Lee, Daniel and Guo, Jiqiang},
	journal={Journal of Educational and Behavioral Statistics},
	volume={40},
	number={5},
	pages={530--543},
	year={2015},
	publisher={Sage Publications Sage CA: Los Angeles, CA}
}


@article{ghosh2006bayesian,
	title={Bayesian analysis of zero-inflated regression models},
	author={Ghosh, Sujit K and Mukhopadhyay, Pabak and Lu, Jye-Chyi JC},
	journal={Journal of Statistical planning and Inference},
	volume={136},
	number={4},
	pages={1360--1375},
	year={2006},
	publisher={Elsevier}
}


@article{glass2015specialty,
	title={Specialty substance use disorder services following brief alcohol intervention: a meta-analysis of randomized controlled trials},
	author={Glass, Joseph E and Hamilton, Ashley M and Powell, Byron J and Perron, Brian E and Brown, Randall T and Ilgen, Mark A},
	journal={Addiction},
	volume={110},
	number={9},
	pages={1404--1415},
	year={2015},
	publisher={Wiley Online Library}
}


@article{gupta2004modelling,
	title={Modelling count data by random effect Poisson model},
	author={Gupta, Pushpa L and Gupta, Ramesh C and Ong, SH},
	journal={Sankhy{\=a}: The Indian Journal of Statistics},
	pages={548--565},
	year={2004},
	publisher={JSTOR}
}

@article{hall2000zero,
	title={Zero-inflated Poisson and binomial regression with random effects: a case study},
	author={Hall, Daniel B},
	journal={Biometrics},
	volume={56},
	number={4},
	pages={1030--1039},
	year={2000},
	publisher={Wiley Online Library}
}


@article{harrison2014using,
	title={Using observation-level random effects to model overdispersion in count data in ecology and evolution},
	author={Harrison, Xavier A},
	journal={PeerJ},
	volume={2},
	pages={e616},
	year={2014},
	publisher={PeerJ Inc.}
}


@article{harrison2015comparison,
	title={A comparison of observation-level random effect and Beta-Binomial models for modelling overdispersion in Binomial data in ecology \& evolution},
	author={Harrison, Xavier A},
	journal={PeerJ},
	volume={3},
	pages={e1114},
	year={2015},
	publisher={PeerJ Inc.}
}

@article{heilbron1994zero,
	title={Zero-altered and other regression models for count data with added zeros},
	author={Heilbron, David C},
	journal={Biometrical Journal},
	volume={36},
	number={5},
	pages={531--547},
	year={1994},
	publisher={Wiley Online Library}
}

@article{hinde1998overdispersion,
	title={Overdispersion: models and estimation},
	author={Hinde, John and Dem{\'e}trio, Clarice GB},
	journal={Computational statistics \& data analysis},
	volume={27},
	number={2},
	pages={151--170},
	year={1998},
	publisher={Elsevier}
}

@article{hu2018zero,
	title={A zero-inflated beta-binomial model for microbiome data analysis},
	author={Hu, Tao and Gallins, Paul and Zhou, Yi-Hui},
	journal={Stat},
	volume={7},
	number={1},
	pages={e185},
	year={2018},
	publisher={Wiley Online Library}
}


@book{johnson2005univariate,
	title={Univariate discrete distributions},
	author={Johnson, Norman L and Kemp, Adrienne W and Kotz, Samuel},
	volume={444},
	year={2005},
	publisher={John Wiley \& Sons}
}


@article{karno2021effect,
	title={Effect of screening, brief intervention and referral to treatment for unhealthy alcohol and other drug use in mental health treatment settings: a randomized controlled trial},
	author={Karno, Mitchell P and Rawson, Richard and Rogers, Benjamin and Spear, Suzanne and Grella, Christine and Mooney, Larissa J and Saitz, Richard and Kagan, Bruce and Glasner, Suzette},
	journal={Addiction},
	volume={116},
	number={1},
	pages={159--169},
	year={2021},
	publisher={Wiley Online Library}
}

@article{kwok2007impact,
	title={The impact of misspecifying the within-subject covariance structure in multiwave longitudinal multilevel models: A Monte Carlo study},
	author={Kwok, Oi-man and West, Stephen G and Green, Samuel B},
	journal={Multivariate Behavioral Research},
	volume={42},
	number={3},
	pages={557--592},
	year={2007},
	publisher={Taylor \& Francis}
}


@article{lambert1992zero,
	title={Zero-inflated Poisson regression, with an application to defects in manufacturing},
	author={Lambert, Diane},
	journal={Technometrics},
	volume={34},
	number={1},
	pages={1--14},
	year={1992},
	publisher={Taylor \& Francis}
}


@article{lange1989effect,
	title={The effect of covariance structure on variance estimation in balanced growth-curve models with random parameters},
	author={Lange, Nicholas and Laird, Nan M},
	journal={Journal of the American Statistical Association},
	volume={84},
	number={405},
	pages={241--247},
	year={1989},
	publisher={Taylor \& Francis}
}


@article{lee2006multi,
	title={Multi-level zero-inflated Poisson regression modelling of correlated count data with excess zeros},
	author={Lee, Andy H and Wang, Kui and Scott, Jane A and Yau, Kelvin KW and McLachlan, Geoffrey J},
	journal={Statistical methods in medical research},
	volume={15},
	number={1},
	pages={47--61},
	year={2006},
	publisher={Sage Publications Sage CA: Thousand Oaks, CA}
}


@article{lewandowski2009generating,
	title={Generating random correlation matrices based on vines and extended onion method},
	author={Lewandowski, Daniel and Kurowicka, Dorota and Joe, Harry},
	journal={Journal of multivariate analysis},
	volume={100},
	number={9},
	pages={1989--2001},
	year={2009},
	publisher={Elsevier}
}

@article{liechty2004bayesian,
	title={Bayesian correlation estimation},
	author={Liechty, John C and Liechty, Merrill W and M{\"u}ller, Peter},
	journal={Biometrika},
	volume={91},
	number={1},
	pages={1--14},
	year={2004},
	publisher={Oxford University Press}
}


@article{liu2015type,
	title={Type I multivariate zero-inflated Poisson distribution with applications},
	author={Liu, Yin and Tian, Guo-Liang},
	journal={Computational Statistics \& Data Analysis},
	volume={83},
	pages={200--222},
	year={2015},
	publisher={Elsevier}
}


@article{min2005random,
	title={Random effect models for repeated measures of zero-inflated count data},
	author={Min, Yongyi and Agresti, Alan},
	journal={Statistical modelling},
	volume={5},
	number={1},
	pages={1--19},
	year={2005},
	publisher={Sage Publications Sage CA: Thousand Oaks, CA}
}


@article{mullahy1986specification,
	title={Specification and testing of some modified count data models},
	author={Mullahy, John},
	journal={Journal of econometrics},
	volume={33},
	number={3},
	pages={341--365},
	year={1986},
	publisher={Elsevier}
}


@article{mullahy1998much,
	title={Much ado about two: reconsidering retransformation and the two-part model in health econometrics},
	author={Mullahy, John},
	journal={Journal of health economics},
	volume={17},
	number={3},
	pages={247--281},
	year={1998},
	publisher={Elsevier}
}

@article{neelon2010bayesian,
	title={A Bayesian model for repeated measures zero-inflated count data with application to outpatient psychiatric service use},
	author={Neelon, Brian H and O’Malley, A James and Normand, Sharon-Lise T},
	journal={Statistical modelling},
	volume={10},
	number={4},
	pages={421--439},
	year={2010},
	publisher={SAGE Publications Sage India: New Delhi, India}
}

@article{neelon2019bayesian,
	title={Bayesian zero-inflated negative binomial regression based on p{\'o}lya-gamma mixtures},
	author={Neelon, Brian},
	journal={Bayesian analysis},
	volume={14},
	number={3},
	pages={829},
	year={2019},
	publisher={NIH Public Access}
}


@article{preisser2016marginalized,
	title={Marginalized zero-inflated negative binomial regression with application to dental caries},
	author={Preisser, John S and Das, Kalyan and Long, D Leann and Divaris, Kimon},
	journal={Statistics in medicine},
	volume={35},
	number={10},
	pages={1722--1735},
	year={2016},
	publisher={Wiley Online Library}
}


  @Manual{rsoftware,    
  	title = {R: A Language and Environment for Statistical Computing},    
  	author = {{R Core Team}},   
  	 organization = {R Foundation for Statistical Computing},    
  	 address = {Vienna, Austria},    
  	 year = {2023},    
  	 url = {https://www.R-project.org/}
    }

@inproceedings{ridout1998models,
	title={Models for count data with many zeros},
	author={Ridout, Martin and Dem{\'e}trio, Clarice GB and Hinde, John},
	booktitle={Proceedings of the XIXth international biometric conference},
	volume={19},
	pages={179--192},
	year={1998},
	organization={International Biometric Society Invited Papers Cape Town, South Africa}
}


@article{rodrigues2003bayesian,
	title={Bayesian analysis of zero-inflated distributions},
	author={Rodrigues, Josemar},
	journal={Communications in Statistics-Theory and Methods},
	volume={32},
	number={2},
	pages={281--289},
	year={2003},
	publisher={Taylor \& Francis}
}




@article{saitz2014screening,
	title={Screening and brief intervention for drug use in primary care: the ASPIRE randomized clinical trial},
	author={Saitz, Richard and Palfai, Tibor PA and Cheng, Debbie M and Alford, Daniel P and Bernstein, Judith A and Lloyd-Travaglini, Christine A and Meli, Seville M and Chaisson, Christine E and Samet, Jeffrey H},
	journal={Jama},
	volume={312},
	number={5},
	pages={502--513},
	year={2014},
	publisher={American Medical Association}
}



@article{spiegelhalter1998bayesian,
	title={Bayesian graphical modelling: a case-study in monitoring health outcomes},
	author={Spiegelhalter, David J},
	journal={Journal of the Royal Statistical Society Series C: Applied Statistics},
	volume={47},
	number={1},
	pages={115--133},
	year={1998},
	publisher={Oxford University Press}
}


@article{su2009bias,
	title={Bias in 2-part mixed models for longitudinal semicontinuous data},
	author={Su, Li and Tom, Brian DM and Farewell, Vernon T},
	journal={Biostatistics},
	volume={10},
	number={2},
	pages={374--389},
	year={2009},
	publisher={Oxford University Press}
}

@article{tanner1987calculation,
	title={The calculation of posterior distributions by data augmentation},
	author={Tanner, Martin A and Wong, Wing Hung},
	journal={Journal of the American statistical Association},
	volume={82},
	number={398},
	pages={528--540},
	year={1987},
	publisher={Taylor \& Francis}
}


@article{tetrault2020computerized,
	title={Computerized cognitive behavioral therapy for substance use disorders in a specialized primary care practice: A randomized feasibility trial to address the RT component of SBIRT},
	author={Tetrault, Jeanette M and Holt, Stephen R and Cavallo, Dana A and O’Connor, Patrick G and Gordon, Melissa A and Corvino, Joanne K and Nich, Charla and Carroll, Kathleen M},
	journal={Journal of Addiction Medicine},
	volume={14},
	number={6},
	pages={e303--e309},
	year={2020},
	publisher={LWW}
}


@article{vehtari2017practical,
	title={Practical Bayesian model evaluation using leave-one-out cross-validation and WAIC},
	author={Vehtari, Aki and Gelman, Andrew and Gabry, Jonah},
	journal={Statistics and computing},
	volume={27},
	pages={1413--1432},
	year={2017},
	publisher={Springer}
}

 @Misc{loopackage,
	title = {loo: Efficient leave-one-out cross-validation and WAIC for
	Bayesian models},
	author = {Aki Vehtari and Jonah Gabry and Mans Magnusson and Yuling
	Yao and Paul-Christian Bürkner and Topi Paananen and Andrew
	Gelman},
	year = {2023},
	note = {R package version 2.6.0},
	url = {https://mc-stan.org/loo/},
}

@book{weiss2005modeling,
	title={Modeling longitudinal data},
	author={Weiss, Robert E},
	volume={1},
	pages={243--301},
	year={2005},
	publisher={Springer}
}

@article{wen2024bayesian,
	title={A Bayesian zero-inflated beta-binomial model for longitudinal data with group-specific changepoints},
	author={Wen, Chun-Che and Baker, Nathaniel and Paul, Rajib and Hill, Elizabeth and Hunt, Kelly and Li, Hong and Gray, Kevin and Neelon, Brian},
	journal={Statistics in Medicine},
	volume={43},
	number={1},
	pages={125--140},
	year={2024},
	publisher={Wiley Online Library}
}

@article{wolfinger1996heterogeneous,
	title={Heterogeneous variance: covariance structures for repeated measures},
	author={Wolfinger, Russell D},
	journal={Journal of agricultural, biological, and environmental statistics},
	pages={205--230},
	year={1996},
	publisher={JSTOR}
}


@article{wu2023multivariate,
	title={The multivariate component zero-inflated Poisson model for correlated count data analysis},
	author={Wu, Qin and Tian, Guo-Liang and Li, Tao and Tang, Man-Lai and Zhang, Chi},
	journal={Australian \& New Zealand Journal of Statistics},
	volume={65},
	number={3},
	pages={234--261},
	year={2023},
	publisher={Wiley Online Library}
}

@article{yau2001zero,
	title={Zero-inflated Poisson regression with random effects to evaluate an occupational injury prevention programme},
	author={Yau, Kelvin KW and Lee, Andy H},
	journal={Statistics in medicine},
	volume={20},
	number={19},
	pages={2907--2920},
	year={2001},
	publisher={Wiley Online Library}
}


@article{yau2003zero,
	title={Zero-inflated negative binomial mixed regression modeling of over-dispersed count data with extra zeros},
	author={Yau, Kelvin KW and Wang, Kui and Lee, Andy H},
	journal={Biometrical Journal: journal of mathematical methods in biosciences},
	volume={45},
	number={4},
	pages={437--452},
	year={2003},
	publisher={Wiley Online Library}
}

@article{zhang2006sampling,
	title={Sampling correlation matrices in Bayesian models with correlated latent variables},
	author={Zhang, Xiao and Boscardin, W John and Belin, Thomas R},
	journal={Journal of Computational and Graphical Statistics},
	volume={15},
	number={4},
	pages={880--896},
	year={2006},
	publisher={Taylor \& Francis}
}


